@article{strand,
   author={M.Strand},
   title={A Status Update on Quantum Safe Cryptography},
   journal={2021 International Conference on Military Communication and Infromation Systems(CIMCIS)},
   year={2021},
   pages={1-7},
   doi={10.1109/ICMCIS52405.2021.9486413}
}

@article{ajay,
   author={Ajay Kumar and Sunita Garhwall},
   title={State-of-the-Art Survey of Quantum Cryptography},
   journal={Archives of Computational Methods in Engineering},
   year={2021},
   volume={28},
   pages={3831-3836},
}

@ARTICLE{LPH-1,
  author={Zhang, Yuan and Xu, Chunxiang and Lin, Xiaodong and Shen, Xuemin},
  journal={IEEE Transactions on Cloud Computing}, 
  title={Blockchain-Based Public Integrity Verification for Cloud Storage against Procrastinating Auditors}, 
  year={2021},
  volume={9},
  number={3},
  pages={923-937},
  doi={10.1109/TCC.2019.2908400}}
  
@ARTICLE{LPH-2,
  author={Ge, Xinrui and Yu, Jia and Zhang, Hanlin and Hu, Chengyu and Li, Zengpeng and Qin, Zhan and Hao, Rong},
  journal={IEEE Transactions on Dependable and Secure Computing}, 
  title={Towards Achieving Keyword Search over Dynamic Encrypted Cloud Data with Symmetric-Key Based Verification}, 
  year={2021},
  volume={18},
  number={1},
  pages={490-504},
  doi={10.1109/TDSC.2019.2896258}}
  
@ARTICLE{LPH-3,
  author={Li, Jin and Huang, Yanyu and Wei, Yu and Lv, Siyi and Liu, Zheli and Dong, Changyu and Lou, Wenjing},
  journal={IEEE Transactions on Dependable and Secure Computing}, 
  title={Searchable Symmetric Encryption with Forward Search Privacy}, 
  year={2021},
  volume={18},
  number={1},
  pages={460-474},
  doi={10.1109/TDSC.2019.2894411}}
  
@article{wwx-1,
   author={Yehuda Lindell},
   title={Fast Secure Two-Party ECDSA Signing},
   journal={Journal of Cryptography},
   year={2021},
   pages={1-2},
   doi={10.1007/s00145-021-09409-9}
}

@inproceedings{wxr-1,
author={Moni Naor and Adi Shamir},
title={Visual Cryptography},
booktitle={Advances in Cryptology -EUROCRYPT'94},
year={1994},
pages={1-12},
address={Perugia},
month={},
organization={},
}

@article{wxr-2,
author={Fang WP},
title={Friendly progressive visual secret sharing},
journal={Pattern Recognition: The Journal of the Pattern Recognition Society},
year={2008},
volume={41},
number={4},
pages={1410-1414},
month={1},
}

@inproceedings{ wxr-3,
author={Chavan, Pallavi V. and Atique, Mohammad},
title={Design of hierarchical visual cryptography},
booktitle={2012 Nirma university international conference on engineering: NUiCONE 2012, Ahmedabad, Gujarat, India, 6-8 December 2012},
year={2012},
pages={1-3},
address={Ahmedabad(IN)},
month={},
organization={},
}

@INPROCEEDINGS{wxr-4,
  author={Kinzel, W. and Kanter, I.},
  booktitle={Proceedings of the 9th International Conference on Neural Information Processing, 2002. ICONIP '02.}, 
  title={Neural cryptography}, 
  year={2002},
  volume={3},
  number={},
  pages={1351-1354 vol.3},
  doi={10.1109/ICONIP.2002.1202841}}

@article{wxr-5,
author={GE Z C and HU H P},
title={Confluence of neural networks and cryptography: A review},
journal={Journal of Cryptologic Research},
year={2021},
volume={8},
number={2},
pages={215-231},
month={1},
}

@inproceedings{wxr-6,
  TITLE = {{SoK: Computer-Aided Cryptography}},
  AUTHOR = {Barbosa, Manuel and Barthe, Gilles and Bhargavan, Karthik and Blanchet, Bruno and Cremers, Cas and Liao, Kevin and Parno, Bryan},
  URL = {https://hal.inria.fr/hal-03046757},
  BOOKTITLE = {{SP 2021 - 42nd IEEE Symposium on Security and Privacy}},
  ADDRESS = {Virtual Conference, United States},
  YEAR = {2021},
  MONTH = May,
  PDF = {https://hal.inria.fr/hal-03046757/file/BarbosaetalOakland21.pdf},
  HAL_ID = {hal-03046757},
  HAL_VERSION = {v1},
}

@inproceedings {usenix:li,
author = {Mengyuan Li and Yinqian Zhang and Huibo Wang and Kang Li and Yueqiang Cheng},
title = {{CIPHERLEAKS}: Breaking Constant-time Cryptography on {AMD} {SEV} via the Ciphertext Side Channel},
booktitle = {30th {USENIX} Security Symposium ({USENIX} Security 21)},
year = {2021},
isbn = {978-1-939133-24-3},
pages = {717--732},
url = {https://www.usenix.org/conference/usenixsecurity21/presentation/li-mengyuan},
publisher = {{USENIX} Association},
month = aug,
}

@inproceedings {usenix:squarcina,
author = {Marco Squarcina and Mauro Tempesta and Lorenzo Veronese and Stefano Calzavara and Matteo Maffei},
title = {Can I Take Your Subdomain? Exploring Same-Site Attacks in the Modern Web},
booktitle = {30th {USENIX} Security Symposium ({USENIX} Security 21)},
year = {2021},
isbn = {978-1-939133-24-3},
pages = {2917--2934},
url = {https://www.usenix.org/conference/usenixsecurity21/presentation/squarcina},
publisher = {{USENIX} Association},
month = aug,
}

@inproceedings{acm:honeypot,
author = {Shan, Shawn and Wenger, Emily and Wang, Bolun and Li, Bo and Zheng, Haitao and Zhao, Ben Y.},
title = {Gotta Catch'Em All: Using Honeypots to Catch Adversarial Attacks on Neural Networks},
year = {2020},
isbn = {9781450370899},
publisher = {Association for Computing Machinery},
address = {New York, NY, USA},
url = {https://doi.org/10.1145/3372297.3417231},
doi = {10.1145/3372297.3417231},
booktitle = {Proceedings of the 2020 ACM SIGSAC Conference on Computer and Communications Security},
pages = {67â€“83},
numpages = {17},
keywords = {honeypots, adversarial examples, neural networks},
location = {Virtual Event, USA},
series = {CCS '20}
}

@ARTICLE{LMQ,
  author={Al-darwbi, Mohammed Y. and Ghorbani, Ali A. and Lashkari, Arash Habibi},
  journal={IEEE Open Journal of the Communications Society}, 
  title={KeyShield: A Scalable and Quantum-Safe Key Management Scheme}, 
  year={2021},
  volume={2},
  number={},
  pages={87-101},
  doi={10.1109/OJCOMS.2020.3046110}}
  
@ARTICLE{zxy-1,
  author={Shabbir, Maryam and Shabbir, Ayesha and Iwendi, Celestine and Javed, Abdul Rehman and Rizwan, Muhammad and Herencsar, Norbert and Lin, Jerry Chun-Wei},
  journal={IEEE Access}, 
  title={Enhancing Security of Health Information Using Modular Encryption Standard in Mobile Cloud Computing}, 
  year={2021},
  volume={9},
  number={},
  pages={8820-8834},
  doi={10.1109/ACCESS.2021.3049564}}
  
  @ARTICLE{zxy-2,
  author={Priya.B.R, Dr.S.Dhanalakshmi},
  journal={IJERT}, 
  title={Mobile cloud Computing: The Mobile web Service as Next Generation cloud Computing}, 
  year={2020},
  volume={8},
  number={},
  pages={}}
