@ARTICLE{LPH-1,
  author={Zhang, Yuan and Xu, Chunxiang and Lin, Xiaodong and Shen, Xuemin},
  journal={IEEE Transactions on Cloud Computing}, 
  title={Blockchain-Based Public Integrity Verification for Cloud Storage against Procrastinating Auditors}, 
  year={2021},
  volume={9},
  number={3},
  pages={923-937},
  doi={10.1109/TCC.2019.2908400}}
  
  @ARTICLE{LPH-2,
  author={Ge, Xinrui and Yu, Jia and Zhang, Hanlin and Hu, Chengyu and Li, Zengpeng and Qin, Zhan and Hao, Rong},
  journal={IEEE Transactions on Dependable and Secure Computing}, 
  title={Towards Achieving Keyword Search over Dynamic Encrypted Cloud Data with Symmetric-Key Based Verification}, 
  year={2021},
  volume={18},
  number={1},
  pages={490-504},
  doi={10.1109/TDSC.2019.2896258}}
  
  @ARTICLE{LPH-3,
  author={Li, Jin and Huang, Yanyu and Wei, Yu and Lv, Siyi and Liu, Zheli and Dong, Changyu and Lou, Wenjing},
  journal={IEEE Transactions on Dependable and Secure Computing}, 
  title={Searchable Symmetric Encryption with Forward Search Privacy}, 
  year={2021},
  volume={18},
  number={1},
  pages={460-474},
  doi={10.1109/TDSC.2019.2894411}}